@article{kuznetsov,
  title={Nonlinear dynamics of immunogenic tumors: parameter estimation and global bifurcation analysis},
  author={Kuznetsov, Vladimir A and Makalkin, Iliya A and Taylor, Mark A and Perelson, Alan S},
  journal={Bulletin of mathematical biology},
  volume={56},
  number={2},
  pages={295--321},
  year={1994},
  publisher={Elsevier}
}

@Article{klein_1966,
   Author="Klein, G. ",
   Title="{{R}ecent trends in tumor immunology}",
   Journal="Isr. J. Med. Sci.",
   Year="1966",
   Volume="2",
   Number="2",
   Pages="135--142"
}